<record xmlns:xsi="http://www.w3.org/2001/XMLSchema-instance" xmlns="http://www.loc.gov/MARC21/slim" xsi:schemaLocation="http://www.loc.gov/MARC21/slim http://www.loc.gov/standards/marcxml/schema/MARC21slim.xsd">

  <leader>00655nam a2200157Ia 4500</leader>
  <datafield ind2=" " tag="090" ind1=" ">
    <subfield code="a">DOC # 50</subfield>
  </datafield>
  <datafield ind2=" " ind1=" " tag="100">
    <subfield code="a">Víquez Salazar, Roxana</subfield>
  </datafield>
  <datafield ind1=" " tag="245" ind2=" ">
    <subfield code="a">La importancia del Sistema de información de la población objetivo (SIPO) para la superación de la pobreza / </subfield>
    <subfield code="c">Roxana Víquez Salazar, Lorenzo Guadamuz Sandoval</subfield>
  </datafield>
  <datafield ind1=" " tag="260" ind2=" ">
    <subfield code="a">San José : </subfield>
    <subfield code="b">Instituto Mixto de Ayuda Social, </subfield>
    <subfield code="c">2001</subfield>
  </datafield>
  <datafield tag="300" ind1=" " ind2=" ">
    <subfield code="a">5 páginas</subfield>
  </datafield>
  <datafield ind2=" " tag="500" ind1=" ">
    <subfield code="a">Esta es una edición de la colección "Notas para la reflexión sobre la probreza"</subfield>
  </datafield>
  <datafield ind2=" " ind1=" " tag="650">
    <subfield code="a">SISTEMA DE INFORMACION DE LA POBLACION OBJETIVO (SIPO)</subfield>
  </datafield>
  <datafield ind2=" " ind1=" " tag="650">
    <subfield code="a">POBREZA</subfield>
  </datafield>
  <datafield ind1=" " tag="700" ind2=" ">
    <subfield code="a">Guadamuz Sandoval, Lorenzo</subfield>
  </datafield>
  <datafield ind1=" " tag="942" ind2=" ">
    <subfield code="p">00444 </subfield>
  </datafield>
  <datafield ind2=" " tag="999" ind1=" ">
    <subfield code="c">2551</subfield>
    <subfield code="d">2551</subfield>
  </datafield>
</record>